<record><leader>00000cas a22000007a 4500</leader><controlfield tag="001">24839210</controlfield><controlfield tag="008">911122d19261927ncuwr ne      0    0eng d</controlfield><datafield ind1=" " ind2=" " tag="010"><subfield code="a">sn 91068492 </subfield></datafield><datafield ind1=" " ind2=" " tag="040"><subfield code="a">NVJ</subfield><subfield code="b">eng</subfield><subfield code="c">NVJ</subfield><subfield code="d">OCLCQ</subfield></datafield><datafield ind1=" " ind2=" " tag="042"><subfield code="a">msc</subfield></datafield><datafield ind1="0" ind2="4" tag="245"><subfield code="a">The Observer-enterprise.</subfield></datafield><datafield ind1=" " ind2=" " tag="260"><subfield code="a">Kenly, N.C. :</subfield><subfield code="b">Benton Print. Co.</subfield></datafield><datafield ind1=" " ind2=" " tag="300"><subfield code="a">v.</subfield></datafield><datafield ind1=" " ind2=" " tag="310"><subfield code="a">Weekly</subfield></datafield><datafield ind1="0" ind2=" " tag="362"><subfield code="a">Vol. 1, no. 49 (Dec. 16, 1926)-v. 2, no. 16 (Apr. 28, 1927).</subfield></datafield><datafield ind1=" " ind2=" " tag="752"><subfield code="a">United States</subfield><subfield code="b">North Carolina</subfield><subfield code="c">Johnston</subfield><subfield code="d">Kenly.</subfield></datafield><datafield ind1="0" ind2="4" tag="780"><subfield code="t">Fremont enterprise</subfield></datafield><datafield ind1="0" ind2="4" tag="780"><subfield code="t">Kenly observer (Kenly, N.C. : 1926)</subfield><subfield code="w">(DLC)sn 91068458</subfield></datafield><datafield ind1="0" ind2="6" tag="785"><subfield code="t">Fremont enterprise (Fremont, N.C. : 1927)</subfield><subfield code="w">(DLC)sn 91068483</subfield></datafield><datafield ind1="0" ind2="6" tag="785"><subfield code="t">Kenly observer (Kenly, N.C. : 1927)</subfield><subfield code="w">(DLC)sn 91068493</subfield></datafield></record>